\begin{thebibliography}{}
@INPROCEEDINGS{hytnh17, 
author={T. V. Huynh}, 
booktitle={2017 4th NAFOSTED Conference on Information and Computer Science}, 
title={Deep neural network accelerator based on FPGA}, 
year={2017}, 
pages={254-257}, 
}

@MISC{hwsurvey,
    author = {Yihua Liao},
    title = {Neural Networks in Hardware: A Survey},
}

@book{FPGAbook,
author = {R Omondi, Amos and C Rajapakse, Jagath},
year = {2006},
title = {FPGA Implementations of Neural Networks},
}

@INPROCEEDINGS{seok02, 
author={Seok Bae Yun and Young Joo Kim and Sung Soo Dong and Chong Ho Lee}, 
booktitle={Proceedings of the 9th International Conference on Neural Information Processing, 2002. ICONIP '02.}, 
title={Hardware implementation of neural network with expansible and reconfigurable architecture}, 
year={2002}, 
pages={970-975 vol.2}, 
}

\end{thebibliography}