\begin{thebibliography}{}
@INPROCEEDINGS{hytnh17, 
author={T. V. Huynh}, 
booktitle={2017 4th NAFOSTED Conference on Information and Computer Science}, 
title={Deep neural network accelerator based on FPGA}, 
year={2017}, 
pages={254-257}, 
}

@MISC{hwsurvey,
    author = {Yihua Liao},
    title = {Neural Networks in Hardware: A Survey},
}

@book{FPGAbook,
author = {R Omondi, Amos and C Rajapakse, Jagath},
year = {2006},
title = {FPGA Implementations of Neural Networks},
}

@INPROCEEDINGS{seok02, 
author={Seok Bae Yun and Young Joo Kim and Sung Soo Dong and Chong Ho Lee}, 
booktitle={Proceedings of the 9th International Conference on Neural Information Processing, 2002. ICONIP '02.}, 
title={Hardware implementation of neural network with expansible and reconfigurable architecture}, 
year={2002}, 
pages={970-975 vol.2}, 
}

@ARTICLE{nn91, 
author={D. F. {Specht}}, 
journal={IEEE Transactions on Neural Networks}, 
title={A general regression neural network}, 
year={1991}, 
pages={568-576}, 
}

@INPROCEEDINGS{nn89, 
author={}, 
booktitle={International 1989 Joint Conference on Neural Networks}, 
title={Theory of the backpropagation neural network}, 
year={1989}, 
pages={593-605 vol.1}, 
}

@ARTICLE{nn88, 
author={D. {Psaltis} and A. {Sideris} and A. A. {Yamamura}}, 
journal={IEEE Control Systems Magazine}, 
title={A multilayered neural network controller}, 
year={1988}, 
pages={17-21}, 
}

@INPROCEEDINGS{convnet,
title = {ImageNet Classification with Deep Convolutional Neural Networks},
author = {Alex Krizhevsky and Sutskever, Ilya and Hinton, Geoffrey E},
booktitle = {Advances in Neural Information Processing Systems 25},
pages = {1097--1105},
year = {2012},
}

@INPROCEEDINGS{gan,
title = {Generative Adversarial Nets},
author = {Goodfellow, Ian and Pouget-Abadie, Jean and Mirza, Mehdi and Xu, Bing and Warde-Farley, David and Ozair, Sherjil and Courville, Aaron and Bengio, Yoshua},
booktitle = {Advances in Neural Information Processing Systems 27},
pages = {2672--2680},
year = {2014},
}

@INPROCEEDINGS{tpu, 
author={N. P. {Jouppi} and C. {Young} and N. {Patil} and D. {Patterson} and G. {Agrawal} and R. {Bajwa} and S. {Bates} and S. {Bhatia} and N. {Boden} and A. {Borchers} and R. {Boyle} and P. {Cantin} and C. {Chao} and C. {Clark} and J. {Coriell} and M. {Daley} and M. {Dau} and J. {Dean} and B. {Gelb} and T. V. {Ghaemmaghami} and R. {Gottipati} and W. {Gulland} and R. {Hagmann} and C. R. {Ho} and D. {Hogberg} and J. {Hu} and R. {Hundt} and D. {Hurt} and J. {Ibarz} and A. {Jaffey} and A. {Jaworski} and A. {Kaplan} and H. {Khaitan} and D. {Killebrew} and A. {Koch} and N. {Kumar} and S. {Lacy} and J. {Laudon} and J. {Law} and D. {Le} and C. {Leary} and Z. {Liu} and K. {Lucke} and A. {Lundin} and G. {MacKean} and A. {Maggiore} and M. {Mahony} and K. {Miller} and R. {Nagarajan} and R. {Narayanaswami} and R. {Ni} and K. {Nix} and T. {Norrie} and M. {Omernick} and N. {Penukonda} and A. {Phelps} and J. {Ross} and M. {Ross} and A. {Salek} and E. {Samadiani} and C. {Severn} and G. {Sizikov} and M. {Snelham} and J. {Souter} and D. {Steinberg} and A. {Swing} and M. {Tan} and G. {Thorson} and B. {Tian} and H. {Toma} and E. {Tuttle} and V. {Vasudevan} and R. {Walter} and W. {Wang} and E. {Wilcox} and D. H. {Yoon}}, 
booktitle={2017 ACM/IEEE 44th Annual International Symposium on Computer Architecture (ISCA)}, 
title={In-datacenter performance analysis of a tensor processing unit}, 
year={2017}, 
pages={1-12}, 
}

@ARTICLE{tpu2, 
author={N. {Jouppi} and C. {Young} and N. {Patil} and D. {Patterson}}, 
journal={IEEE Micro}, 
title={Motivation for and Evaluation of the First Tensor Processing Unit}, 
year={2018}, 
pages={10-19}, 
}

@article{spike,
 author = {Maas, Wofgang},
 title = {Networks of Spiking Neurons: The Third Generation of Neural Network Models},
 journal = {Trans. Soc. Comput. Simul. Int.},
 year = {1997},
 pages = {1659--1671},
} 

@misc{linux,
author = {{Linux source code for DE1-SoC}},
howpublished = {\url{https://github.com/altera-opensource/linux-socfpga}},
}

\end{thebibliography}